@online{chelseaharvey-how,
  title = {How {{Much CO2 Will}} the {{World Have}} to {{Remove}} from the {{Atmosphere}}? - {{Scientific American}}},
  author = {{Chelsea Harvey} and {ClimateWire}},
  url = {https://www.scientificamerican.com/article/how-much-co2-will-the-world-have-to-remove-from-the-atmosphere/},
  urldate = {2023-05-28}
}

@online{cryptopediastaff-decentralized,
  title = {Decentralized {{Exchange Platforms}} in {{Crypto Trading}}},
  author = {{Cryptopedia Staff}},
  url = {https://www.gemini.com/cryptopedia/decentralized-exchange-crypto-dex, https://www.gemini.com/cryptopedia/decentralized-exchange-crypto-dex},
  urldate = {2023-05-22},
  langid = {american},
  organization = {{Gemini}},
  keywords = {DSAA5022}
}

@online{eu2018-2050,
  title = {2050 Long-Term Strategy},
  author = {{EU}},
  date = {2018},
  url = {https://climate.ec.europa.eu/eu-action/climate-strategies-targets/2050-long-term-strategy_en},
  urldate = {2023-05-28},
  langid = {english}
}

@online{eu2020-2030,
  title = {2030 {{Climate Target Plan}}},
  author = {{EU}},
  date = {2020},
  url = {https://climate.ec.europa.eu/eu-action/european-green-deal/2030-climate-target-plan_en},
  urldate = {2023-05-28},
  langid = {english}
}

@online{eu2023-carbon,
  title = {Carbon {{Border Adjustment Mechanism}}},
  author = {{EU}},
  date = {2023},
  url = {https://taxation-customs.ec.europa.eu/carbon-border-adjustment-mechanism_en},
  urldate = {2023-05-28}
}

@online{h.damonmatthews-climate,
  title = {Climate Clock Reset Shows the World Is One Year Closer to 1.5 {{C}} Warming Threshold},
  author = {{H. Damon Matthews} and {Glen Peters}},
  url = {https://theconversation.com/climate-clock-reset-shows-the-world-is-one-year-closer-to-1-5-c-warming-threshold-169122},
  urldate = {2023-05-28}
}

@online{mccresearch-remaining,
  title = {Remaining Carbon Budget - {{Mercator Research Institute}} on {{Global Commons}} and {{Climate Change}} ({{MCC}})},
  author = {{MCC Research}},
  url = {https://www.mcc-berlin.net/en/research/co2-budget.html},
  urldate = {2023-05-23}
}

@online{richarda.betts-how,
  title = {How Much {{CO2}} at 1.5 °{{C}} and 2 °{{C}}? | {{Nature Climate Change}}},
  author = {{Richard A. Betts} and {Doug McNeall}},
  url = {https://www.nature.com/articles/s41558-018-0199-5},
  urldate = {2023-05-28}
}

@online{usdepartmentofcommerce-noaa,
  title = {{{NOAA Global Monitoring Laboratory}} - {{THE NOAA ANNUAL GREENHOUSE GAS INDEX}} ({{AGGI}})},
  author = {family=US Department of Commerce, given=NOAA, given-i=NOAA},
  url = {https://gml.noaa.gov/aggi/aggi.html},
  urldate = {2023-05-28},
  langid = {american}
}

@online{wikipedia-carbon,
  title = {Carbon Dioxide in {{Earth}}'s Atmosphere - {{Wikipedia}}},
  author = {{Wikipedia}},
  url = {https://en.wikipedia.org/wiki/Carbon_dioxide_in_Earth%27s_atmosphere},
  urldate = {2023-05-28}
}
